%% Insert your bibliography here

@article{wei2016cpm,
	author = {Shih-En Wei and Varun Ramakrishna and Takeo Kanade and Yaser Sheikh},
	booktitle = {CVPR},
	title = {Convolutional pose machines},
	year = {2016},
}